<record><leader>00000cas a22000007a 4500</leader><controlfield tag="001">12340324</controlfield><controlfield tag="008">850802d183418uumduwr ne      0    0eng d</controlfield><datafield ind1=" " ind2=" " tag="010"><subfield code="a">sn 85026676 </subfield></datafield><datafield ind1=" " ind2=" " tag="040"><subfield code="a">NPX</subfield><subfield code="b">eng</subfield><subfield code="c">NPX</subfield><subfield code="d">MFN</subfield><subfield code="d">DCN</subfield><subfield code="d">OCL</subfield><subfield code="d">OCLCQ</subfield><subfield code="d">OCLCF</subfield><subfield code="d">OCLCO</subfield></datafield><datafield ind1=" " ind2=" " tag="042"><subfield code="a">msc</subfield></datafield><datafield ind1=" " ind2=" " tag="043"><subfield code="a">n-us-md</subfield></datafield><datafield ind1="0" ind2=" " tag="130"><subfield code="a">Maryland journal (Rockville, Md. : 1834)</subfield></datafield><datafield ind1="1" ind2="0" tag="245"><subfield code="a">Maryland journal.</subfield></datafield><datafield ind1=" " ind2=" " tag="260"><subfield code="a">Rockville, Md. :</subfield><subfield code="b">W.M. Steuart</subfield></datafield><datafield ind1=" " ind2=" " tag="300"><subfield code="a">v.</subfield></datafield><datafield ind1=" " ind2=" " tag="310"><subfield code="a">Weekly</subfield></datafield><datafield ind1="1" ind2=" " tag="362"><subfield code="a">Began in 1834.</subfield></datafield><datafield ind1=" " ind2=" " tag="588"><subfield code="a">Description based on: Vol. 15, no. 35 (Apr. 9, 1834).</subfield></datafield><datafield ind1=" " ind2=" " tag="588"><subfield code="a">Latest issue consulted: Vol. 19, no. 4 (Oct. 12, 1837).</subfield></datafield><datafield ind1=" " ind2="0" tag="651"><subfield code="a">Rockville (Md.)</subfield><subfield code="v">Newspapers.</subfield></datafield><datafield ind1=" " ind2="7" tag="655"><subfield code="a">Newspapers.</subfield><subfield code="2">fast</subfield><subfield code="0">(OCoLC)fst01423814</subfield></datafield><datafield ind1=" " ind2="7" tag="651"><subfield code="a">Maryland</subfield><subfield code="z">Rockville.</subfield><subfield code="2">fast</subfield><subfield code="0">(OCoLC)fst01204976</subfield></datafield><datafield ind1=" " ind2=" " tag="752"><subfield code="a">United States</subfield><subfield code="b">Maryland</subfield><subfield code="c">Montgomery</subfield><subfield code="d">Rockville.</subfield></datafield><datafield ind1="0" ind2="0" tag="780"><subfield code="t">Maryland journal and true American</subfield><subfield code="w">(DLC)sn 83016210</subfield></datafield></record>